
<marc:record><marc:leader>02129cam a2200361Mi 4500</marc:leader>
<marc:controlfield tag="001">ocm64780573 </marc:controlfield>
<marc:controlfield tag="003">OCoLC</marc:controlfield><marc:controlfield tag="005">20211007213027.0</marc:controlfield><marc:controlfield tag="008">880606s1598    ne            000 0 dut d</marc:controlfield><marc:datafield tag="040" ind1=" " ind2=" "><marc:subfield code="a">NLGGC</marc:subfield><marc:subfield code="b">dut</marc:subfield><marc:subfield code="e">fobidrtb</marc:subfield><marc:subfield code="c">NLGGC</marc:subfield></marc:datafield><marc:datafield tag="029" ind1="0" ind2=" "><marc:subfield code="a">NLGGC</marc:subfield><marc:subfield code="b">047006374</marc:subfield></marc:datafield><marc:datafield tag="035" ind1=" " ind2=" "><marc:subfield code="a">(OCoLC)64780573</marc:subfield></marc:datafield><marc:datafield tag="072" ind1=" " ind2="7"><marc:subfield code="a">h</marc:subfield><marc:subfield code="2">odfysin</marc:subfield></marc:datafield><marc:datafield tag="072" ind1=" " ind2="7"><marc:subfield code="a">j</marc:subfield><marc:subfield code="2">odfysin</marc:subfield></marc:datafield><marc:datafield tag="072" ind1=" " ind2="7"><marc:subfield code="a">x</marc:subfield><marc:subfield code="2">odfysin</marc:subfield></marc:datafield><marc:datafield tag="049" ind1=" " ind2=" "><marc:subfield code="a">QGJA</marc:subfield></marc:datafield><marc:datafield tag="245" ind1="0" ind2="0"><marc:subfield code="a">Antwoorde op de valsche beschuldiginghen door een zeker ghesworen vijandt der Ghereformeerde religie, onder den titel ofte name van de Iustificatie van Leyden ... Midtsgaders de Verantwoordinghe van den dienaer, ouderlinghen en̄ diaconen der kercke tot Leyden, naer het wt-gheven van de Justificatie ghestelt ..</marc:subfield></marc:datafield><marc:datafield tag="260" ind1=" " ind2=" "><marc:subfield code="a">Tot Rotterdam, :</marc:subfield><marc:subfield code="b">by Jan van Waesberghe ...,</marc:subfield><marc:subfield code="c">1598.</marc:subfield></marc:datafield><marc:datafield tag="300" ind1=" " ind2=" "><marc:subfield code="a">165, [1], 79, [3] p. ;</marc:subfield><marc:subfield code="c">in-8.</marc:subfield></marc:datafield><marc:datafield tag="336" ind1=" " ind2=" "><marc:subfield code="a">tekst</marc:subfield><marc:subfield code="b">txt</marc:subfield><marc:subfield code="2">rdacontent/dut</marc:subfield></marc:datafield><marc:datafield tag="337" ind1=" " ind2=" "><marc:subfield code="a">zonder medium</marc:subfield><marc:subfield code="b">n</marc:subfield><marc:subfield code="2">rdamedia/dut</marc:subfield></marc:datafield><marc:datafield tag="338" ind1=" " ind2=" "><marc:subfield code="a">band</marc:subfield><marc:subfield code="b">nc</marc:subfield><marc:subfield code="2">rdacarrier/dut</marc:subfield></marc:datafield><marc:datafield tag="500" ind1=" " ind2=" "><marc:subfield code="a">A-P 8  Q 4 (Q4 blanco).</marc:subfield></marc:datafield><marc:datafield tag="500" ind1=" " ind2=" "><marc:subfield code="a">Drukkersmerk, motto: Literae Immortalitatem Parivnt.</marc:subfield></marc:datafield><marc:datafield tag="510" ind1="0" ind2=" "><marc:subfield code="a">Hillerbrand 3318</marc:subfield></marc:datafield><marc:datafield tag="530" ind1=" " ind2=" "><marc:subfield code="a">Titel is geselecteerd voor digitalisering voor de Universiteit van Amsterdam in het kader van het Google Books-project.</marc:subfield></marc:datafield><marc:datafield tag="590" ind1=" " ind2=" "><marc:subfield code="b">20211007</marc:subfield></marc:datafield><marc:datafield tag="710" ind1="0" ind2=" "><marc:subfield code="a">Waesberge, Jan van (II, Rotterdam)</marc:subfield><marc:subfield code="4">prt</marc:subfield><marc:subfield code="0">(NL-LeOCL)112190189</marc:subfield></marc:datafield><marc:datafield tag="776" ind1="0" ind2=" "><marc:subfield code="t">Antwoorde op de valsche beschuldiginghen door een zeker ghesworen vijandt der Ghereformeerde religie, onder den titel ofte name van de Iustificatie van Leyden ... Midtsgaders de Verantwoordinghe van den dienaer, ouderlinghen en̄ diaconen der kercke tot Leyden, naer het wt-gheven van de Justificatie ghestelt ..</marc:subfield><marc:subfield code="w">(NL-LeOCL)396637701</marc:subfield></marc:datafield><marc:datafield tag="776" ind1="0" ind2=" "><marc:subfield code="t">Antwoorde op de valsche beschuldiginghen door een zeker ghesworen vijandt der Ghereformeerde religie, onder den titel ofte name van de Iustificatie van Leyden ... Midtsgaders de Verantwoordinghe van den dienaer, ouderlinghen en̄ diaconen der kercke tot Leyden, naer het wt-gheven van de Justificatie ghestelt ..</marc:subfield><marc:subfield code="w">(NL-LeOCL)401742334</marc:subfield></marc:datafield><marc:datafield tag="986" ind1=" " ind2=" "><marc:subfield code="a">UBU Van Someren 2</marc:subfield></marc:datafield><marc:datafield tag="994" ind1=" " ind2=" "><marc:subfield code="a">92</marc:subfield><marc:subfield code="b">QGJ</marc:subfield></marc:datafield><marc:datafield tag="994" ind1=" " ind2=" "><marc:subfield code="c">NEW</marc:subfield><marc:subfield code="d">New collection customer.66264.370</marc:subfield></marc:datafield></marc:record>