
<marc:record><marc:leader>01504cam a2200337Mi 4500</marc:leader>
<marc:controlfield tag="001">ocm68037902 </marc:controlfield>
<marc:controlfield tag="003">OCoLC</marc:controlfield><marc:controlfield tag="005">20211007213027.0</marc:controlfield><marc:controlfield tag="008">980826s1591    fr            000 0 lat d</marc:controlfield><marc:datafield tag="040" ind1=" " ind2=" "><marc:subfield code="a">NLGGC</marc:subfield><marc:subfield code="b">dut</marc:subfield><marc:subfield code="e">fobidrtb</marc:subfield><marc:subfield code="c">NLGGC</marc:subfield><marc:subfield code="d">QGJ</marc:subfield></marc:datafield><marc:datafield tag="029" ind1="0" ind2=" "><marc:subfield code="a">NLGGC</marc:subfield><marc:subfield code="b">172694698</marc:subfield></marc:datafield><marc:datafield tag="035" ind1=" " ind2=" "><marc:subfield code="a">(OCoLC)68037902</marc:subfield></marc:datafield><marc:datafield tag="049" ind1=" " ind2=" "><marc:subfield code="a">QGJA</marc:subfield></marc:datafield><marc:datafield tag="100" ind1="0" ind2=" "><marc:subfield code="a">Gregorius</marc:subfield><marc:subfield code="b">XIV,</marc:subfield><marc:subfield code="c">paus,</marc:subfield><marc:subfield code="d">1535-1591.</marc:subfield><marc:subfield code="1">http://viaf.org/viaf/295180128</marc:subfield></marc:datafield><marc:datafield tag="245" ind1="1" ind2="0"><marc:subfield code="a">Gregorii XIIII Papæ Litteræ monitoriales ad principes, duces, marchiones &amp;c et archiepiscopos, episcopos aliosque ecclesiasticos regni Francorum, qui regis partes sequuntur, et ad eas Turonense senatusconsultum.</marc:subfield></marc:datafield><marc:datafield tag="246" ind1="3" ind2=" "><marc:subfield code="a">Litterae monitoriales ad principes, duces, marchiones</marc:subfield></marc:datafield><marc:datafield tag="260" ind1=" " ind2=" "><marc:subfield code="a">Francofvrti :</marc:subfield><marc:subfield code="b">ex officina typographica Martini Lechleri,</marc:subfield><marc:subfield code="c">1591.</marc:subfield></marc:datafield><marc:datafield tag="300" ind1=" " ind2=" "><marc:subfield code="a">38 p. ;</marc:subfield><marc:subfield code="c">in-8 (17 cm)</marc:subfield></marc:datafield><marc:datafield tag="336" ind1=" " ind2=" "><marc:subfield code="a">tekst</marc:subfield><marc:subfield code="b">txt</marc:subfield><marc:subfield code="2">rdacontent/dut</marc:subfield></marc:datafield><marc:datafield tag="337" ind1=" " ind2=" "><marc:subfield code="a">zonder medium</marc:subfield><marc:subfield code="b">n</marc:subfield><marc:subfield code="2">rdamedia/dut</marc:subfield></marc:datafield><marc:datafield tag="338" ind1=" " ind2=" "><marc:subfield code="a">band</marc:subfield><marc:subfield code="b">nc</marc:subfield><marc:subfield code="2">rdacarrier/dut</marc:subfield></marc:datafield><marc:datafield tag="500" ind1=" " ind2=" "><marc:subfield code="a">Collatieformule: A-B⁸ C⁴ (C4 blanco).</marc:subfield></marc:datafield><marc:datafield tag="510" ind1="4" ind2=" "><marc:subfield code="a">Verzeichnis der im deutschen Sprachbereich erschienenen Drucke des 16. Jahrhunderts (VD 16),</marc:subfield><marc:subfield code="c">K 522</marc:subfield></marc:datafield><marc:datafield tag="510" ind1="4" ind2=" "><marc:subfield code="a">Van Someren,</marc:subfield><marc:subfield code="c">448</marc:subfield></marc:datafield><marc:datafield tag="590" ind1=" " ind2=" "><marc:subfield code="b">20211007</marc:subfield></marc:datafield><marc:datafield tag="600" ind1="0" ind2="4"><marc:subfield code="a">Gregorius</marc:subfield><marc:subfield code="b">XIV,</marc:subfield><marc:subfield code="c">paus,</marc:subfield><marc:subfield code="d">1535-1591.</marc:subfield><marc:subfield code="0">(NL-LeOCL)072482591</marc:subfield><marc:subfield code="1">http://viaf.org/viaf/295180128</marc:subfield></marc:datafield><marc:datafield tag="655" ind1=" " ind2="7"><marc:subfield code="a">Brieven (vorm)</marc:subfield><marc:subfield code="2">gtt</marc:subfield><marc:subfield code="0">(NL-LeOCL)088142167</marc:subfield></marc:datafield><marc:datafield tag="710" ind1="0" ind2=" "><marc:subfield code="a">Lechler, Martin (Frankfort am Main)</marc:subfield><marc:subfield code="4">prt</marc:subfield><marc:subfield code="0">(NL-LeOCL)080258832</marc:subfield></marc:datafield><marc:datafield tag="986" ind1=" " ind2=" "><marc:subfield code="a">UBU Van Someren 2</marc:subfield></marc:datafield><marc:datafield tag="994" ind1=" " ind2=" "><marc:subfield code="a">92</marc:subfield><marc:subfield code="b">QGJ</marc:subfield></marc:datafield><marc:datafield tag="994" ind1=" " ind2=" "><marc:subfield code="c">NEW</marc:subfield><marc:subfield code="d">New collection customer.66264.370</marc:subfield></marc:datafield></marc:record>