
<marc:record><marc:leader>02315cam a2200385 a 4500</marc:leader>
<marc:controlfield tag="001">ocm30357261 </marc:controlfield>
<marc:controlfield tag="003">OCoLC</marc:controlfield><marc:controlfield tag="005">20211007213027.0</marc:controlfield><marc:controlfield tag="008">940412s1551    gw       l    000 0 ger  </marc:controlfield><marc:datafield tag="010" ind1=" " ind2=" "><marc:subfield code="a">   72215073 </marc:subfield><marc:subfield code="z">   94136322 </marc:subfield></marc:datafield><marc:datafield tag="040" ind1=" " ind2=" "><marc:subfield code="a">DLC</marc:subfield><marc:subfield code="b">eng</marc:subfield><marc:subfield code="e">dcrb</marc:subfield><marc:subfield code="c">DLC</marc:subfield><marc:subfield code="d">OCLCQ</marc:subfield><marc:subfield code="d">OCLCO</marc:subfield><marc:subfield code="d">OCLCF</marc:subfield><marc:subfield code="d">OCLCQ</marc:subfield><marc:subfield code="d">OCLCO</marc:subfield><marc:subfield code="d">OCLCA</marc:subfield></marc:datafield><marc:datafield tag="029" ind1="1" ind2=" "><marc:subfield code="a">NLGGC</marc:subfield><marc:subfield code="b">118615602</marc:subfield></marc:datafield><marc:datafield tag="035" ind1=" " ind2=" "><marc:subfield code="a">(OCoLC)30357261</marc:subfield></marc:datafield><marc:datafield tag="043" ind1=" " ind2=" "><marc:subfield code="a">e------</marc:subfield></marc:datafield><marc:datafield tag="050" ind1="0" ind2="0"><marc:subfield code="a">KK253</marc:subfield><marc:subfield code="b">1551</marc:subfield></marc:datafield><marc:datafield tag="051" ind1=" " ind2=" "><marc:subfield code="a">KK253</marc:subfield><marc:subfield code="b">1548</marc:subfield><marc:subfield code="c">Copy 2. 31 cm. With: Holy Roman Empire. Abschiedt der Röm. Keys. Maiest. vnd gemeyner Stend vff dem Reichsstag zů Augspurg vffgericht Anno Domini MDXLVIII  ...  Gedruckt inn der chůrfürstlichen Stadt Meyntz : Durch Iuonem Schöffer,  im[m] Iare 1549. Bound together subsequent to publication.</marc:subfield></marc:datafield><marc:datafield tag="049" ind1=" " ind2=" "><marc:subfield code="a">QGJA</marc:subfield></marc:datafield><marc:datafield tag="110" ind1="1" ind2=" "><marc:subfield code="a">Holy Roman Empire.</marc:subfield><marc:subfield code="0">http://id.loc.gov/authorities/names/n79060589-781</marc:subfield><marc:subfield code="1">http://viaf.org/viaf/122772486</marc:subfield></marc:datafield><marc:datafield tag="240" ind1="1" ind2="0"><marc:subfield code="a">Laws, etc. (Reichs-Abschied : 1551)</marc:subfield></marc:datafield><marc:datafield tag="245" ind1="1" ind2="0"><marc:subfield code="a">Abschiedt der Röm. Keys. Maiest. vnd gemeyner Stend vff dem Reichsstag zů Augspurg vffgericht Anno Domini MDLI.</marc:subfield></marc:datafield><marc:datafield tag="260" ind1=" " ind2=" "><marc:subfield code="a">Gedruckt inn der chůrfürstlichen Stadt Meyntz :</marc:subfield><marc:subfield code="b">Durch Iuonem Schöffer,</marc:subfield><marc:subfield code="c">im[m] Iare 1551.</marc:subfield></marc:datafield><marc:datafield tag="300" ind1=" " ind2=" "><marc:subfield code="a">[1], 37 leaves ;</marc:subfield><marc:subfield code="c">32 cm. (fol.)</marc:subfield></marc:datafield><marc:datafield tag="336" ind1=" " ind2=" "><marc:subfield code="a">text</marc:subfield><marc:subfield code="b">txt</marc:subfield><marc:subfield code="2">rdacontent</marc:subfield><marc:subfield code="0">http://id.loc.gov/vocabulary/contentTypes/txt</marc:subfield></marc:datafield><marc:datafield tag="337" ind1=" " ind2=" "><marc:subfield code="a">unmediated</marc:subfield><marc:subfield code="b">n</marc:subfield><marc:subfield code="2">rdamedia</marc:subfield><marc:subfield code="0">http://id.loc.gov/vocabulary/mediaTypes/n</marc:subfield></marc:datafield><marc:datafield tag="338" ind1=" " ind2=" "><marc:subfield code="a">volume</marc:subfield><marc:subfield code="b">nc</marc:subfield><marc:subfield code="2">rdacarrier</marc:subfield><marc:subfield code="0">http://id.loc.gov/vocabulary/carriers/nc</marc:subfield></marc:datafield><marc:datafield tag="500" ind1=" " ind2=" "><marc:subfield code="a">Signatures: A-K⁴. K4 blank?; wanting in LC copy.</marc:subfield></marc:datafield><marc:datafield tag="500" ind1=" " ind2=" "><marc:subfield code="a">With: Holy Roman Empire. Abschiedt der Römischen Königlichen Maiestat vnd gemeiner Stendt auff dem Reichsstag zu Augspurg Anno Domini MDLV auffgericht. Meyntz : Getruckt durch F. Behem, 1555. Bound together subsequent to publication.</marc:subfield><marc:subfield code="5">DLC</marc:subfield></marc:datafield><marc:datafield tag="590" ind1=" " ind2=" "><marc:subfield code="b">20211007</marc:subfield></marc:datafield><marc:datafield tag="650" ind1=" " ind2="0"><marc:subfield code="a">Law</marc:subfield><marc:subfield code="z">Holy Roman Empire.</marc:subfield><marc:subfield code="0">http://id.loc.gov/authorities/subjects/sh2008106776</marc:subfield></marc:datafield><marc:datafield tag="650" ind1=" " ind2="7"><marc:subfield code="a">Law.</marc:subfield><marc:subfield code="2">fast</marc:subfield><marc:subfield code="0">http://id.worldcat.org/fast/00993678</marc:subfield></marc:datafield><marc:datafield tag="651" ind1=" " ind2="7"><marc:subfield code="a">Europe</marc:subfield><marc:subfield code="z">Holy Roman Empire.</marc:subfield><marc:subfield code="2">fast</marc:subfield><marc:subfield code="0">http://id.worldcat.org/fast/01205344</marc:subfield></marc:datafield><marc:datafield tag="710" ind1="1" ind2=" "><marc:subfield code="a">Holy Roman Empire.</marc:subfield><marc:subfield code="b">Reichstag</marc:subfield><marc:subfield code="d">(1551 :</marc:subfield><marc:subfield code="c">Augsburg, Germany)</marc:subfield><marc:subfield code="0">http://id.loc.gov/authorities/names/n94029231</marc:subfield><marc:subfield code="1">http://viaf.org/viaf/126821281</marc:subfield></marc:datafield><marc:datafield tag="986" ind1=" " ind2=" "><marc:subfield code="a">UBU Van Someren 2</marc:subfield></marc:datafield><marc:datafield tag="994" ind1=" " ind2=" "><marc:subfield code="a">92</marc:subfield><marc:subfield code="b">QGJ</marc:subfield></marc:datafield><marc:datafield tag="994" ind1=" " ind2=" "><marc:subfield code="c">NEW</marc:subfield><marc:subfield code="d">New collection customer.66264.370</marc:subfield></marc:datafield></marc:record>