
<marc:record><marc:leader>02709cam a2200445Mi 4500</marc:leader>
<marc:controlfield tag="001">ocm64845635 </marc:controlfield>
<marc:controlfield tag="003">OCoLC</marc:controlfield><marc:controlfield tag="005">20211007213027.0</marc:controlfield><marc:controlfield tag="008">880629s1685    ne            000 0 lat d</marc:controlfield><marc:datafield tag="040" ind1=" " ind2=" "><marc:subfield code="a">NLGGC</marc:subfield><marc:subfield code="b">dut</marc:subfield><marc:subfield code="e">fobidrtb</marc:subfield><marc:subfield code="c">NLGGC</marc:subfield></marc:datafield><marc:datafield tag="029" ind1="0" ind2=" "><marc:subfield code="a">NLGGC</marc:subfield><marc:subfield code="b">047333766</marc:subfield></marc:datafield><marc:datafield tag="029" ind1="1" ind2=" "><marc:subfield code="a">CHVBK</marc:subfield><marc:subfield code="b">170394972</marc:subfield></marc:datafield><marc:datafield tag="029" ind1="1" ind2=" "><marc:subfield code="a">CHBIS</marc:subfield><marc:subfield code="b">006030349</marc:subfield></marc:datafield><marc:datafield tag="035" ind1=" " ind2=" "><marc:subfield code="a">(OCoLC)64845635</marc:subfield></marc:datafield><marc:datafield tag="049" ind1=" " ind2=" "><marc:subfield code="a">QGJA</marc:subfield></marc:datafield><marc:datafield tag="100" ind1="1" ind2=" "><marc:subfield code="a">Blanckaert, Nicolaas,</marc:subfield><marc:subfield code="d">1624-1703.</marc:subfield><marc:subfield code="0">(NL-LeOCL)069662134</marc:subfield><marc:subfield code="1">http://viaf.org/viaf/12410245</marc:subfield></marc:datafield><marc:datafield tag="245" ind1="1" ind2="0"><marc:subfield code="a">Nicolai Blancardi Panegyricvs, pro ivbileo sev festo secvlari, :</marc:subfield><marc:subfield code="b">ivssv procervm, in Templo Academico, dictvs MDCLXXXV, die Sept. XXIV.</marc:subfield></marc:datafield><marc:datafield tag="246" ind1="3" ind2=" "><marc:subfield code="a">Nicolai Blancardi Panegyricus, pro jubileo seu festo seculari</marc:subfield></marc:datafield><marc:datafield tag="246" ind1="3" ind2=" "><marc:subfield code="a">Panegyricvs, pro ivbileo sev festo secvlari</marc:subfield></marc:datafield><marc:datafield tag="246" ind1="3" ind2=" "><marc:subfield code="a">Pro ivbileo sev festo secvlari</marc:subfield></marc:datafield><marc:datafield tag="246" ind1="3" ind2=" "><marc:subfield code="a">Panegyricus, pro jubileo seu festo seculari</marc:subfield></marc:datafield><marc:datafield tag="260" ind1=" " ind2=" "><marc:subfield code="a">Franeqverae :</marc:subfield><marc:subfield code="b">excudit Johannes Gyselaer ...,</marc:subfield><marc:subfield code="c">1685.</marc:subfield></marc:datafield><marc:datafield tag="300" ind1=" " ind2=" "><marc:subfield code="a">[8], 36, 93 p. ;</marc:subfield><marc:subfield code="c">in-2.</marc:subfield></marc:datafield><marc:datafield tag="336" ind1=" " ind2=" "><marc:subfield code="a">tekst</marc:subfield><marc:subfield code="b">txt</marc:subfield><marc:subfield code="2">rdacontent/dut</marc:subfield></marc:datafield><marc:datafield tag="337" ind1=" " ind2=" "><marc:subfield code="a">zonder medium</marc:subfield><marc:subfield code="b">n</marc:subfield><marc:subfield code="2">rdamedia/dut</marc:subfield></marc:datafield><marc:datafield tag="338" ind1=" " ind2=" "><marc:subfield code="a">band</marc:subfield><marc:subfield code="b">nc</marc:subfield><marc:subfield code="2">rdacarrier/dut</marc:subfield></marc:datafield><marc:datafield tag="500" ind1=" " ind2=" "><marc:subfield code="a">* 4 A-I 2 a-z 2 [2a] 2 (2a2 blanco).</marc:subfield></marc:datafield><marc:datafield tag="500" ind1=" " ind2=" "><marc:subfield code="a">Met een portret van Nicolaus Blancardus in zwart kostuum door P. Aeneae ingevoegd.</marc:subfield></marc:datafield><marc:datafield tag="500" ind1=" " ind2=" "><marc:subfield code="a">Achter de oratie: 1. Programma, quod superioris seculi anno quinto et octuagesimo, sub initium Academiae inaugurandae, a praefecto Frisiae, et ordinum eiusdem delegatis fuit publicatum. 2. Oratio D. Abeli Franckena, illust. Ordinum Frisiae deputati ... habita in auditorio Theologico, XXIX Julii anno MDLXXXV de consilio institutae ab iisdem Academiae Franequeranae. 3. Diverse feestgedichten in het Nederlands, Latijn, Grieks en Frans. 4. Excerpta ex Albo Academiae Franekeranae, ab anno MDLXXXV adusque MDCLXXXV ... 5. Clarorum Academiae Franekeranae professorum monumenta sepulchralia, quae in utroque templo visuntur. 6. [Erratum]</marc:subfield></marc:datafield><marc:datafield tag="530" ind1=" " ind2=" "><marc:subfield code="a">Titel is geselecteerd voor digitalisering voor de Universiteit van Leiden in het kader van het Google Books-project.</marc:subfield></marc:datafield><marc:datafield tag="590" ind1=" " ind2=" "><marc:subfield code="b">20211007</marc:subfield></marc:datafield><marc:datafield tag="700" ind1="1" ind2=" "><marc:subfield code="a">Frankena, Abel.</marc:subfield><marc:subfield code="0">(NL-LeOCL)143417878</marc:subfield><marc:subfield code="1">http://viaf.org/viaf/287086325</marc:subfield></marc:datafield><marc:datafield tag="710" ind1="0" ind2=" "><marc:subfield code="a">Gyselaar, Hans (Franeker)</marc:subfield><marc:subfield code="4">prt</marc:subfield><marc:subfield code="0">(NL-LeOCL)077163680</marc:subfield></marc:datafield><marc:datafield tag="776" ind1="0" ind2=" "><marc:subfield code="t">Nicolai Blancardi Panegyricus, pro jubileo seu festo seculari</marc:subfield><marc:subfield code="w">(NL-LeOCL)377467723</marc:subfield></marc:datafield><marc:datafield tag="776" ind1="0" ind2=" "><marc:subfield code="t">Nicolai Blancardi Panegyricus, pro jubileo seu festo seculari</marc:subfield><marc:subfield code="w">(NL-LeOCL)406924635</marc:subfield></marc:datafield><marc:datafield tag="776" ind1="0" ind2=" "><marc:subfield code="t">Nicolai Blancardi Panegyricus, pro jubileo seu festo seculari</marc:subfield><marc:subfield code="w">(NL-LeOCL)432673423</marc:subfield></marc:datafield><marc:datafield tag="776" ind1="0" ind2=" "><marc:subfield code="t">Nicolai Blancardi Panegyricus, pro jubileo seu festo seculari</marc:subfield><marc:subfield code="w">(NL-LeOCL)432673431</marc:subfield></marc:datafield><marc:datafield tag="986" ind1=" " ind2=" "><marc:subfield code="a">UBU Van Someren 2</marc:subfield></marc:datafield><marc:datafield tag="994" ind1=" " ind2=" "><marc:subfield code="a">92</marc:subfield><marc:subfield code="b">QGJ</marc:subfield></marc:datafield><marc:datafield tag="994" ind1=" " ind2=" "><marc:subfield code="c">NEW</marc:subfield><marc:subfield code="d">New collection customer.66264.370</marc:subfield></marc:datafield></marc:record>