
<marc:record><marc:leader>01937cam a2200385Ii 4500</marc:leader>
<marc:controlfield tag="001">ocm03922636 </marc:controlfield>
<marc:controlfield tag="003">OCoLC</marc:controlfield><marc:controlfield tag="005">20211007213027.0</marc:controlfield><marc:controlfield tag="008">780524s1579    fr            000 0bfre d</marc:controlfield><marc:datafield tag="040" ind1=" " ind2=" "><marc:subfield code="a">EEM</marc:subfield><marc:subfield code="b">eng</marc:subfield><marc:subfield code="c">EEM</marc:subfield><marc:subfield code="d">OCLCQ</marc:subfield><marc:subfield code="d">OCLCG</marc:subfield><marc:subfield code="d">OCLCQ</marc:subfield><marc:subfield code="d">OCLCA</marc:subfield><marc:subfield code="d">OCLCQ</marc:subfield><marc:subfield code="d">OCLCO</marc:subfield><marc:subfield code="d">OCLCF</marc:subfield></marc:datafield><marc:datafield tag="029" ind1="1" ind2=" "><marc:subfield code="a">NLGGC</marc:subfield><marc:subfield code="b">169302873</marc:subfield></marc:datafield><marc:datafield tag="035" ind1=" " ind2=" "><marc:subfield code="a">(OCoLC)03922636</marc:subfield></marc:datafield><marc:datafield tag="043" ind1=" " ind2=" "><marc:subfield code="a">e-fr---</marc:subfield></marc:datafield><marc:datafield tag="050" ind1=" " ind2="4"><marc:subfield code="a">DC112.G83</marc:subfield><marc:subfield code="b">L2 1579</marc:subfield></marc:datafield><marc:datafield tag="049" ind1=" " ind2=" "><marc:subfield code="a">QGJA</marc:subfield></marc:datafield><marc:datafield tag="100" ind1="1" ind2=" "><marc:subfield code="a">La Planche, Louis Régnier de,</marc:subfield><marc:subfield code="d">approximately 1530-approximately 1580.</marc:subfield><marc:subfield code="0">http://id.loc.gov/authorities/names/n88145440</marc:subfield><marc:subfield code="1">http://viaf.org/viaf/5877937</marc:subfield></marc:datafield><marc:datafield tag="245" ind1="1" ind2="3"><marc:subfield code="a">La legende de Charles, cardinal de Lorraine :</marc:subfield><marc:subfield code="b">&amp; de ses freres, de la maison de Guise /</marc:subfield><marc:subfield code="c">Descrite en trois liures par François de l'Isle [i.e. La Planche].</marc:subfield></marc:datafield><marc:datafield tag="260" ind1=" " ind2=" "><marc:subfield code="a">Reims :</marc:subfield><marc:subfield code="b">Imprimerie de Pierre Martin,</marc:subfield><marc:subfield code="c">1579.</marc:subfield></marc:datafield><marc:datafield tag="300" ind1=" " ind2=" "><marc:subfield code="a">[6], 74 leaves ;</marc:subfield><marc:subfield code="c">15 cm</marc:subfield></marc:datafield><marc:datafield tag="336" ind1=" " ind2=" "><marc:subfield code="a">text</marc:subfield><marc:subfield code="b">txt</marc:subfield><marc:subfield code="2">rdacontent</marc:subfield><marc:subfield code="0">http://id.loc.gov/vocabulary/contentTypes/txt</marc:subfield></marc:datafield><marc:datafield tag="337" ind1=" " ind2=" "><marc:subfield code="a">unmediated</marc:subfield><marc:subfield code="b">n</marc:subfield><marc:subfield code="2">rdamedia</marc:subfield><marc:subfield code="0">http://id.loc.gov/vocabulary/mediaTypes/n</marc:subfield></marc:datafield><marc:datafield tag="338" ind1=" " ind2=" "><marc:subfield code="a">volume</marc:subfield><marc:subfield code="b">nc</marc:subfield><marc:subfield code="2">rdacarrier</marc:subfield><marc:subfield code="0">http://id.loc.gov/vocabulary/carriers/nc</marc:subfield></marc:datafield><marc:datafield tag="500" ind1=" " ind2=" "><marc:subfield code="a">Book I. No more published.</marc:subfield></marc:datafield><marc:datafield tag="500" ind1=" " ind2=" "><marc:subfield code="a">Brunet, v. 3, 1096.</marc:subfield></marc:datafield><marc:datafield tag="590" ind1=" " ind2=" "><marc:subfield code="b">20211007</marc:subfield></marc:datafield><marc:datafield tag="600" ind1="1" ind2="0"><marc:subfield code="a">Guise, Charles de,</marc:subfield><marc:subfield code="c">Cardinal de Lorraine,</marc:subfield><marc:subfield code="d">1525-1574.</marc:subfield><marc:subfield code="0">http://id.loc.gov/authorities/names/nr93004810</marc:subfield><marc:subfield code="1">http://viaf.org/viaf/46904834</marc:subfield></marc:datafield><marc:datafield tag="600" ind1="3" ind2="0"><marc:subfield code="a">Guise family.</marc:subfield></marc:datafield><marc:datafield tag="600" ind1="1" ind2="7"><marc:subfield code="a">Guise, Charles de,</marc:subfield><marc:subfield code="c">Cardinal de Lorraine,</marc:subfield><marc:subfield code="d">1525-1574.</marc:subfield><marc:subfield code="2">fast</marc:subfield><marc:subfield code="0">http://id.worldcat.org/fast/00316924</marc:subfield><marc:subfield code="1">http://viaf.org/viaf/46904834</marc:subfield></marc:datafield><marc:datafield tag="651" ind1=" " ind2="0"><marc:subfield code="a">France</marc:subfield><marc:subfield code="x">History</marc:subfield><marc:subfield code="y">House of Valois, 1328-1589.</marc:subfield><marc:subfield code="0">http://id.loc.gov/authorities/subjects/sh85051282</marc:subfield></marc:datafield><marc:datafield tag="651" ind1=" " ind2="7"><marc:subfield code="a">France.</marc:subfield><marc:subfield code="2">fast</marc:subfield><marc:subfield code="0">http://id.worldcat.org/fast/01204289</marc:subfield><marc:subfield code="0">http://id.loc.gov/authorities/names/n79006404-781</marc:subfield></marc:datafield><marc:datafield tag="648" ind1=" " ind2="7"><marc:subfield code="a">1328-1589</marc:subfield><marc:subfield code="2">fast</marc:subfield></marc:datafield><marc:datafield tag="655" ind1=" " ind2="7"><marc:subfield code="a">History.</marc:subfield><marc:subfield code="2">fast</marc:subfield><marc:subfield code="0">http://id.worldcat.org/fast/01411628</marc:subfield></marc:datafield><marc:datafield tag="986" ind1=" " ind2=" "><marc:subfield code="a">UBU Van Someren 2</marc:subfield></marc:datafield><marc:datafield tag="994" ind1=" " ind2=" "><marc:subfield code="a">92</marc:subfield><marc:subfield code="b">QGJ</marc:subfield></marc:datafield><marc:datafield tag="994" ind1=" " ind2=" "><marc:subfield code="c">NEW</marc:subfield><marc:subfield code="d">New collection customer.66264.370</marc:subfield></marc:datafield></marc:record>