
<marc:record><marc:leader>02382cam a2200433Ia 4500</marc:leader>
<marc:controlfield tag="001">ocm32763752 </marc:controlfield>
<marc:controlfield tag="003">OCoLC</marc:controlfield><marc:controlfield tag="005">20211007213027.0</marc:controlfield><marc:controlfield tag="008">950705s1564    fr            000 0 lat d</marc:controlfield><marc:datafield tag="040" ind1=" " ind2=" "><marc:subfield code="a">NDD</marc:subfield><marc:subfield code="b">eng</marc:subfield><marc:subfield code="e">dcrb</marc:subfield><marc:subfield code="c">NDD</marc:subfield><marc:subfield code="d">OCLCQ</marc:subfield><marc:subfield code="d">XII</marc:subfield><marc:subfield code="d">OCLCG</marc:subfield><marc:subfield code="d">OCLCA</marc:subfield><marc:subfield code="d">OCLCQ</marc:subfield><marc:subfield code="d">OCLCO</marc:subfield><marc:subfield code="d">OCLCA</marc:subfield><marc:subfield code="d">OCLCQ</marc:subfield><marc:subfield code="d">OCLCO</marc:subfield><marc:subfield code="d">OCLCF</marc:subfield></marc:datafield><marc:datafield tag="029" ind1="1" ind2=" "><marc:subfield code="a">NLGGC</marc:subfield><marc:subfield code="b">286805049</marc:subfield></marc:datafield><marc:datafield tag="035" ind1=" " ind2=" "><marc:subfield code="a">(OCoLC)32763752</marc:subfield></marc:datafield><marc:datafield tag="049" ind1=" " ind2=" "><marc:subfield code="a">QGJA</marc:subfield></marc:datafield><marc:datafield tag="100" ind1="1" ind2=" "><marc:subfield code="a">Ossat, Arnaud d',</marc:subfield><marc:subfield code="d">1536-1604.</marc:subfield><marc:subfield code="0">http://id.loc.gov/authorities/names/no2001087516</marc:subfield></marc:datafield><marc:datafield tag="245" ind1="1" ind2="0"><marc:subfield code="a">Expositio Arnaldi Ossati in disputationem Jacobi Carpentarii De methodo.</marc:subfield></marc:datafield><marc:datafield tag="246" ind1="3" ind2="0"><marc:subfield code="a">Expositio in disputationem Jacobi Carpentarii De methodo</marc:subfield></marc:datafield><marc:datafield tag="246" ind1="3" ind2=" "><marc:subfield code="a">Expositio Arnaldi Ossati in dispvtationem Jacobi Carpentarii De methodo</marc:subfield></marc:datafield><marc:datafield tag="260" ind1=" " ind2=" "><marc:subfield code="a">Parisiis [Paris, France] :</marc:subfield><marc:subfield code="b">Apud Andream Wechelum,</marc:subfield><marc:subfield code="c">1564.</marc:subfield></marc:datafield><marc:datafield tag="300" ind1=" " ind2=" "><marc:subfield code="a">19, [1] leaves ;</marc:subfield><marc:subfield code="c">17 cm. (8vo)</marc:subfield></marc:datafield><marc:datafield tag="336" ind1=" " ind2=" "><marc:subfield code="a">text</marc:subfield><marc:subfield code="b">txt</marc:subfield><marc:subfield code="2">rdacontent</marc:subfield><marc:subfield code="0">http://id.loc.gov/vocabulary/contentTypes/txt</marc:subfield></marc:datafield><marc:datafield tag="337" ind1=" " ind2=" "><marc:subfield code="a">unmediated</marc:subfield><marc:subfield code="b">n</marc:subfield><marc:subfield code="2">rdamedia</marc:subfield><marc:subfield code="0">http://id.loc.gov/vocabulary/mediaTypes/n</marc:subfield></marc:datafield><marc:datafield tag="338" ind1=" " ind2=" "><marc:subfield code="a">volume</marc:subfield><marc:subfield code="b">nc</marc:subfield><marc:subfield code="2">rdacarrier</marc:subfield><marc:subfield code="0">http://id.loc.gov/vocabulary/carriers/nc</marc:subfield></marc:datafield><marc:datafield tag="500" ind1=" " ind2=" "><marc:subfield code="a">Written in defense of Petrus Ramus and in response to Jacques Charpentier's Disputatio de methodo, quod unica non sit.</marc:subfield></marc:datafield><marc:datafield tag="500" ind1=" " ind2=" "><marc:subfield code="a">Signatures: A-B⁸ C⁴.</marc:subfield></marc:datafield><marc:datafield tag="500" ind1=" " ind2=" "><marc:subfield code="a">Printer's device on t.p. and verso of last leaf.</marc:subfield></marc:datafield><marc:datafield tag="590" ind1=" " ind2=" "><marc:subfield code="b">20211007</marc:subfield></marc:datafield><marc:datafield tag="600" ind1="1" ind2="0"><marc:subfield code="a">Charpentier, Jacques,</marc:subfield><marc:subfield code="d">1521-1574.</marc:subfield><marc:subfield code="t">Disputatio de methodo, quod unica non sit.</marc:subfield></marc:datafield><marc:datafield tag="600" ind1="1" ind2="0"><marc:subfield code="a">Ramus, Petrus,</marc:subfield><marc:subfield code="d">1515-1572.</marc:subfield><marc:subfield code="0">http://id.loc.gov/authorities/names/n81129403</marc:subfield><marc:subfield code="1">http://viaf.org/viaf/39399236</marc:subfield></marc:datafield><marc:datafield tag="600" ind1="1" ind2="7"><marc:subfield code="a">Ramus, Petrus,</marc:subfield><marc:subfield code="d">1515-1572.</marc:subfield><marc:subfield code="2">fast</marc:subfield><marc:subfield code="0">http://id.worldcat.org/fast/00082022</marc:subfield><marc:subfield code="1">http://viaf.org/viaf/39399236</marc:subfield></marc:datafield><marc:datafield tag="650" ind1=" " ind2="0"><marc:subfield code="a">Logic</marc:subfield><marc:subfield code="v">Early works to 1800.</marc:subfield><marc:subfield code="0">http://id.loc.gov/authorities/subjects/sh2008107110</marc:subfield></marc:datafield><marc:datafield tag="650" ind1=" " ind2="7"><marc:subfield code="a">Logic.</marc:subfield><marc:subfield code="2">fast</marc:subfield><marc:subfield code="0">http://id.worldcat.org/fast/01002014</marc:subfield></marc:datafield><marc:datafield tag="655" ind1=" " ind2="7"><marc:subfield code="a">Early works.</marc:subfield><marc:subfield code="2">fast</marc:subfield><marc:subfield code="0">http://id.worldcat.org/fast/01411636</marc:subfield></marc:datafield><marc:datafield tag="700" ind1="1" ind2=" "><marc:subfield code="a">Ramus, Petrus,</marc:subfield><marc:subfield code="d">1515-1572.</marc:subfield><marc:subfield code="0">http://id.loc.gov/authorities/names/n81129403</marc:subfield><marc:subfield code="1">http://viaf.org/viaf/39399236</marc:subfield></marc:datafield><marc:datafield tag="700" ind1="1" ind2=" "><marc:subfield code="a">Wechel, Andreas,</marc:subfield><marc:subfield code="d">-1581,</marc:subfield><marc:subfield code="e">printer.</marc:subfield><marc:subfield code="0">http://id.loc.gov/authorities/names/nr94021004</marc:subfield><marc:subfield code="1">http://viaf.org/viaf/99863554</marc:subfield></marc:datafield><marc:datafield tag="700" ind1="1" ind2=" "><marc:subfield code="a">Charpentier, Jacques,</marc:subfield><marc:subfield code="d">1521-1574.</marc:subfield><marc:subfield code="t">Disputatio de methodo, quod unica non sit.</marc:subfield></marc:datafield><marc:datafield tag="752" ind1=" " ind2=" "><marc:subfield code="a">France</marc:subfield><marc:subfield code="d">Paris.</marc:subfield></marc:datafield><marc:datafield tag="986" ind1=" " ind2=" "><marc:subfield code="a">UBU Van Someren 2</marc:subfield></marc:datafield><marc:datafield tag="994" ind1=" " ind2=" "><marc:subfield code="a">92</marc:subfield><marc:subfield code="b">QGJ</marc:subfield></marc:datafield><marc:datafield tag="994" ind1=" " ind2=" "><marc:subfield code="c">NEW</marc:subfield><marc:subfield code="d">New collection customer.66264.370</marc:subfield></marc:datafield></marc:record>