
<marc:record><marc:leader>01471cam a2200313   4500</marc:leader>
<marc:controlfield tag="001">ocm41885432 </marc:controlfield>
<marc:controlfield tag="003">OCoLC</marc:controlfield><marc:controlfield tag="005">20211007213027.0</marc:controlfield><marc:controlfield tag="008">990715s1616    xx            000 0 lat d</marc:controlfield><marc:datafield tag="040" ind1=" " ind2=" "><marc:subfield code="a">IDH</marc:subfield><marc:subfield code="b">eng</marc:subfield><marc:subfield code="c">IDH</marc:subfield><marc:subfield code="d">OCLCG</marc:subfield><marc:subfield code="d">OCLCQ</marc:subfield><marc:subfield code="d">OCL</marc:subfield><marc:subfield code="d">UKTRC</marc:subfield><marc:subfield code="d">OCLCO</marc:subfield><marc:subfield code="d">OCLCF</marc:subfield><marc:subfield code="d">OCLCQ</marc:subfield></marc:datafield><marc:datafield tag="035" ind1=" " ind2=" "><marc:subfield code="a">(OCoLC)41885432</marc:subfield></marc:datafield><marc:datafield tag="050" ind1=" " ind2="4"><marc:subfield code="a">BT1480</marc:subfield><marc:subfield code="b">.J98</marc:subfield></marc:datafield><marc:datafield tag="049" ind1=" " ind2=" "><marc:subfield code="a">QGJA</marc:subfield></marc:datafield><marc:datafield tag="100" ind1="1" ind2=" "><marc:subfield code="a">Socinus, Faustus,</marc:subfield><marc:subfield code="d">1539-1604.</marc:subfield><marc:subfield code="0">http://id.loc.gov/authorities/names/n85144140</marc:subfield><marc:subfield code="1">http://viaf.org/viaf/41890089</marc:subfield></marc:datafield><marc:datafield tag="245" ind1="1" ind2="0"><marc:subfield code="a">Tractatvs de ivstificatione,</marc:subfield><marc:subfield code="c">Favsti Socini Senensis.</marc:subfield></marc:datafield><marc:datafield tag="260" ind1=" " ind2=" "><marc:subfield code="a">Racoviae,</marc:subfield><marc:subfield code="b">Typis Sebastiani Sternacii,</marc:subfield><marc:subfield code="c">1616.</marc:subfield></marc:datafield><marc:datafield tag="300" ind1=" " ind2=" "><marc:subfield code="a">64 pages</marc:subfield><marc:subfield code="c">18 cm</marc:subfield></marc:datafield><marc:datafield tag="336" ind1=" " ind2=" "><marc:subfield code="a">text</marc:subfield><marc:subfield code="b">txt</marc:subfield><marc:subfield code="2">rdacontent</marc:subfield><marc:subfield code="0">http://id.loc.gov/vocabulary/contentTypes/txt</marc:subfield></marc:datafield><marc:datafield tag="337" ind1=" " ind2=" "><marc:subfield code="a">unmediated</marc:subfield><marc:subfield code="b">n</marc:subfield><marc:subfield code="2">rdamedia</marc:subfield><marc:subfield code="0">http://id.loc.gov/vocabulary/mediaTypes/n</marc:subfield></marc:datafield><marc:datafield tag="338" ind1=" " ind2=" "><marc:subfield code="a">volume</marc:subfield><marc:subfield code="b">nc</marc:subfield><marc:subfield code="2">rdacarrier</marc:subfield><marc:subfield code="0">http://id.loc.gov/vocabulary/carriers/nc</marc:subfield></marc:datafield><marc:datafield tag="590" ind1=" " ind2=" "><marc:subfield code="b">20211007</marc:subfield></marc:datafield><marc:datafield tag="650" ind1=" " ind2="0"><marc:subfield code="a">Justification (Christian theology)</marc:subfield><marc:subfield code="v">Early works to 1800.</marc:subfield><marc:subfield code="0">http://id.loc.gov/authorities/subjects/sh2008106272</marc:subfield></marc:datafield><marc:datafield tag="650" ind1=" " ind2="0"><marc:subfield code="a">Theology, Doctrinal</marc:subfield><marc:subfield code="v">Early works to 1800.</marc:subfield><marc:subfield code="0">http://id.loc.gov/authorities/subjects/sh2008112880</marc:subfield></marc:datafield><marc:datafield tag="650" ind1=" " ind2="7"><marc:subfield code="a">Justification (Christian theology)</marc:subfield><marc:subfield code="2">fast</marc:subfield><marc:subfield code="0">http://id.worldcat.org/fast/00985240</marc:subfield></marc:datafield><marc:datafield tag="650" ind1=" " ind2="7"><marc:subfield code="a">Theology, Doctrinal.</marc:subfield><marc:subfield code="2">fast</marc:subfield><marc:subfield code="0">http://id.worldcat.org/fast/01149617</marc:subfield></marc:datafield><marc:datafield tag="655" ind1=" " ind2="7"><marc:subfield code="a">Early works.</marc:subfield><marc:subfield code="2">fast</marc:subfield><marc:subfield code="0">http://id.worldcat.org/fast/01411636</marc:subfield></marc:datafield><marc:datafield tag="986" ind1=" " ind2=" "><marc:subfield code="a">UBU Van Someren 2</marc:subfield></marc:datafield><marc:datafield tag="994" ind1=" " ind2=" "><marc:subfield code="a">92</marc:subfield><marc:subfield code="b">QGJ</marc:subfield></marc:datafield><marc:datafield tag="994" ind1=" " ind2=" "><marc:subfield code="c">NEW</marc:subfield><marc:subfield code="d">New collection customer.66264.370</marc:subfield></marc:datafield></marc:record>