
<marc:record><marc:leader>00862cam a2200265Mi 4500</marc:leader>
<marc:controlfield tag="001">ocm66866240 </marc:controlfield>
<marc:controlfield tag="003">OCoLC</marc:controlfield><marc:controlfield tag="005">20211007213027.0</marc:controlfield><marc:controlfield tag="008">031214s1589    be            000 0 lat d</marc:controlfield><marc:datafield tag="040" ind1=" " ind2=" "><marc:subfield code="a">NLGGC</marc:subfield><marc:subfield code="b">dut</marc:subfield><marc:subfield code="e">fobidrtb</marc:subfield><marc:subfield code="c">NLGGC</marc:subfield></marc:datafield><marc:datafield tag="029" ind1="0" ind2=" "><marc:subfield code="a">NLGGC</marc:subfield><marc:subfield code="b">257979921</marc:subfield></marc:datafield><marc:datafield tag="035" ind1=" " ind2=" "><marc:subfield code="a">(OCoLC)66866240</marc:subfield></marc:datafield><marc:datafield tag="049" ind1=" " ind2=" "><marc:subfield code="a">QGJA</marc:subfield></marc:datafield><marc:datafield tag="245" ind1="0" ind2="0"><marc:subfield code="a">Rerum a Martino Schenckio apud Neomagenses undecima Augusti gestarum brevis historia /</marc:subfield><marc:subfield code="c">descripta a quodam oculato.</marc:subfield></marc:datafield><marc:datafield tag="260" ind1=" " ind2=" "><marc:subfield code="a">Antverpiae :</marc:subfield><marc:subfield code="b">ex officina Joachimi Trognesii,</marc:subfield><marc:subfield code="c">1589.</marc:subfield></marc:datafield><marc:datafield tag="300" ind1=" " ind2=" "><marc:subfield code="a">10 p. ;</marc:subfield><marc:subfield code="c">20 cm.</marc:subfield></marc:datafield><marc:datafield tag="336" ind1=" " ind2=" "><marc:subfield code="a">tekst</marc:subfield><marc:subfield code="b">txt</marc:subfield><marc:subfield code="2">rdacontent/dut</marc:subfield></marc:datafield><marc:datafield tag="337" ind1=" " ind2=" "><marc:subfield code="a">zonder medium</marc:subfield><marc:subfield code="b">n</marc:subfield><marc:subfield code="2">rdamedia/dut</marc:subfield></marc:datafield><marc:datafield tag="338" ind1=" " ind2=" "><marc:subfield code="a">band</marc:subfield><marc:subfield code="b">nc</marc:subfield><marc:subfield code="2">rdacarrier/dut</marc:subfield></marc:datafield><marc:datafield tag="510" ind1="0" ind2=" "><marc:subfield code="a">Van Someren 148</marc:subfield></marc:datafield><marc:datafield tag="590" ind1=" " ind2=" "><marc:subfield code="b">20211007</marc:subfield></marc:datafield><marc:datafield tag="600" ind1="1" ind2="4"><marc:subfield code="a">Schenck van Nideggen, Maarten.</marc:subfield></marc:datafield><marc:datafield tag="986" ind1=" " ind2=" "><marc:subfield code="a">UBU Van Someren 2</marc:subfield></marc:datafield><marc:datafield tag="994" ind1=" " ind2=" "><marc:subfield code="a">92</marc:subfield><marc:subfield code="b">QGJ</marc:subfield></marc:datafield><marc:datafield tag="994" ind1=" " ind2=" "><marc:subfield code="c">NEW</marc:subfield><marc:subfield code="d">New collection customer.66264.370</marc:subfield></marc:datafield></marc:record>