
<marc:record><marc:leader>01557cam a2200313Mi 4500</marc:leader>
<marc:controlfield tag="001">ocm66866536 </marc:controlfield>
<marc:controlfield tag="003">OCoLC</marc:controlfield><marc:controlfield tag="005">20211007213027.0</marc:controlfield><marc:controlfield tag="008">031214s1582    xx            000 0 ger d</marc:controlfield><marc:datafield tag="040" ind1=" " ind2=" "><marc:subfield code="a">NLGGC</marc:subfield><marc:subfield code="b">dut</marc:subfield><marc:subfield code="e">fobidrtb</marc:subfield><marc:subfield code="c">NLGGC</marc:subfield></marc:datafield><marc:datafield tag="029" ind1="0" ind2=" "><marc:subfield code="a">NLGGC</marc:subfield><marc:subfield code="b">257982078</marc:subfield></marc:datafield><marc:datafield tag="035" ind1=" " ind2=" "><marc:subfield code="a">(OCoLC)66866536</marc:subfield></marc:datafield><marc:datafield tag="049" ind1=" " ind2=" "><marc:subfield code="a">QGJA</marc:subfield></marc:datafield><marc:datafield tag="245" ind1="0" ind2="0"><marc:subfield code="a">Antwort der catholischen königlichen Maiestet, auff das jenige, was der Durchleuchtigst, unnd Hochgeborne Fürst, Carle Ertzhertzog in Oesterreich, derselben Vetter, in namen und von wegen des Allerdurchleuchtigsten, Grossmechtigsten Fürsten, Herren Maximiliani II Römischen Keysers, desselben geliebten Brudern, des Niderländischen Kriegswesen halber, fürgebracht :</marc:subfield><marc:subfield code="b">auch ist zu endt ein Edict mit angehenckt so König. May. inn Polen an die Statt Wilda, wegen der Empörung und Auffrur, so die von der Catholischen Römischen Kirchen, wider die Leut und Kirchendiener des evangelischen und sächsischen hauffens, erweckt, aussgehen lassen.</marc:subfield></marc:datafield><marc:datafield tag="260" ind1=" " ind2=" "><marc:subfield code="a">[S.l.] :</marc:subfield><marc:subfield code="b">[s.n.],</marc:subfield><marc:subfield code="c">1582.</marc:subfield></marc:datafield><marc:datafield tag="300" ind1=" " ind2=" "><marc:subfield code="a">41 p. ;</marc:subfield><marc:subfield code="c">20 cm.</marc:subfield></marc:datafield><marc:datafield tag="336" ind1=" " ind2=" "><marc:subfield code="a">tekst</marc:subfield><marc:subfield code="b">txt</marc:subfield><marc:subfield code="2">rdacontent/dut</marc:subfield></marc:datafield><marc:datafield tag="337" ind1=" " ind2=" "><marc:subfield code="a">zonder medium</marc:subfield><marc:subfield code="b">n</marc:subfield><marc:subfield code="2">rdamedia/dut</marc:subfield></marc:datafield><marc:datafield tag="338" ind1=" " ind2=" "><marc:subfield code="a">band</marc:subfield><marc:subfield code="b">nc</marc:subfield><marc:subfield code="2">rdacarrier/dut</marc:subfield></marc:datafield><marc:datafield tag="510" ind1="0" ind2=" "><marc:subfield code="a">Van Someren 534</marc:subfield></marc:datafield><marc:datafield tag="510" ind1="0" ind2=" "><marc:subfield code="a">VD 16.1, A 3003</marc:subfield></marc:datafield><marc:datafield tag="590" ind1=" " ind2=" "><marc:subfield code="b">20211007</marc:subfield></marc:datafield><marc:datafield tag="600" ind1="0" ind2="4"><marc:subfield code="a">Maximiliaan II,</marc:subfield><marc:subfield code="c">Rooms-Duits keizer.</marc:subfield></marc:datafield><marc:datafield tag="600" ind1="0" ind2="4"><marc:subfield code="a">Karel van Stiermarken,</marc:subfield><marc:subfield code="d">1540-1590.</marc:subfield></marc:datafield><marc:datafield tag="700" ind1="0" ind2=" "><marc:subfield code="a">Filips II,</marc:subfield><marc:subfield code="c">koning van Spanje.</marc:subfield></marc:datafield><marc:datafield tag="700" ind1="0" ind2=" "><marc:subfield code="a">Báthory,</marc:subfield><marc:subfield code="c">koning van Polen.</marc:subfield></marc:datafield><marc:datafield tag="986" ind1=" " ind2=" "><marc:subfield code="a">UBU Van Someren 2</marc:subfield></marc:datafield><marc:datafield tag="994" ind1=" " ind2=" "><marc:subfield code="a">92</marc:subfield><marc:subfield code="b">QGJ</marc:subfield></marc:datafield><marc:datafield tag="994" ind1=" " ind2=" "><marc:subfield code="c">NEW</marc:subfield><marc:subfield code="d">New collection customer.66264.370</marc:subfield></marc:datafield></marc:record>