
<marc:record><marc:leader>01150cam a2200301Mi 4500</marc:leader>
<marc:controlfield tag="001">ocm66866794 </marc:controlfield>
<marc:controlfield tag="003">OCoLC</marc:controlfield><marc:controlfield tag="005">20211007213027.0</marc:controlfield><marc:controlfield tag="008">031214s1601    ne            000 0 lat d</marc:controlfield><marc:datafield tag="040" ind1=" " ind2=" "><marc:subfield code="a">NLGGC</marc:subfield><marc:subfield code="b">dut</marc:subfield><marc:subfield code="e">fobidrtb</marc:subfield><marc:subfield code="c">NLGGC</marc:subfield></marc:datafield><marc:datafield tag="029" ind1="0" ind2=" "><marc:subfield code="a">NLGGC</marc:subfield><marc:subfield code="b">25798402X</marc:subfield></marc:datafield><marc:datafield tag="035" ind1=" " ind2=" "><marc:subfield code="a">(OCoLC)66866794</marc:subfield></marc:datafield><marc:datafield tag="049" ind1=" " ind2=" "><marc:subfield code="a">QGJA</marc:subfield></marc:datafield><marc:datafield tag="100" ind1="1" ind2=" "><marc:subfield code="a">Merwe, Franciscus van.</marc:subfield></marc:datafield><marc:datafield tag="245" ind1="1" ind2="0"><marc:subfield code="a">Epithalamium, nuptiis castissimis, fato non inauspicato contractis D. Cornelii Verdousii Brunonis F., viri honestissimi, nuptiarum capitis ornatissimi, D.q. Gerardae Rodiae virginis castissimae ... /</marc:subfield><marc:subfield code="c">devotum a Francisco Meruvio.</marc:subfield></marc:datafield><marc:datafield tag="260" ind1=" " ind2=" "><marc:subfield code="a">Lugduni Batavorum :</marc:subfield><marc:subfield code="b">ex officina Christophori Gujotii,</marc:subfield><marc:subfield code="c">1601.</marc:subfield></marc:datafield><marc:datafield tag="300" ind1=" " ind2=" "><marc:subfield code="a">8 p. ;</marc:subfield><marc:subfield code="c">20 cm.</marc:subfield></marc:datafield><marc:datafield tag="336" ind1=" " ind2=" "><marc:subfield code="a">tekst</marc:subfield><marc:subfield code="b">txt</marc:subfield><marc:subfield code="2">rdacontent/dut</marc:subfield></marc:datafield><marc:datafield tag="337" ind1=" " ind2=" "><marc:subfield code="a">zonder medium</marc:subfield><marc:subfield code="b">n</marc:subfield><marc:subfield code="2">rdamedia/dut</marc:subfield></marc:datafield><marc:datafield tag="338" ind1=" " ind2=" "><marc:subfield code="a">band</marc:subfield><marc:subfield code="b">nc</marc:subfield><marc:subfield code="2">rdacarrier/dut</marc:subfield></marc:datafield><marc:datafield tag="500" ind1=" " ind2=" "><marc:subfield code="a">Bevat ook een gedicht van Joachimus Cranendonck.</marc:subfield></marc:datafield><marc:datafield tag="590" ind1=" " ind2=" "><marc:subfield code="b">20211007</marc:subfield></marc:datafield><marc:datafield tag="600" ind1="1" ind2="4"><marc:subfield code="a">Verdousius, Cornelius.</marc:subfield></marc:datafield><marc:datafield tag="600" ind1="1" ind2="4"><marc:subfield code="a">Rodia, Gerarda.</marc:subfield></marc:datafield><marc:datafield tag="700" ind1="1" ind2=" "><marc:subfield code="a">Cranendonck, Joachim.</marc:subfield><marc:subfield code="1">http://viaf.org/viaf/283813675</marc:subfield></marc:datafield><marc:datafield tag="986" ind1=" " ind2=" "><marc:subfield code="a">UBU Van Someren 2</marc:subfield></marc:datafield><marc:datafield tag="994" ind1=" " ind2=" "><marc:subfield code="a">92</marc:subfield><marc:subfield code="b">QGJ</marc:subfield></marc:datafield><marc:datafield tag="994" ind1=" " ind2=" "><marc:subfield code="c">NEW</marc:subfield><marc:subfield code="d">New collection customer.66264.370</marc:subfield></marc:datafield></marc:record>