
<marc:record><marc:leader>01057cam a2200289Mi 4500</marc:leader>
<marc:controlfield tag="001">ocm66867015 </marc:controlfield>
<marc:controlfield tag="003">OCoLC</marc:controlfield><marc:controlfield tag="005">20211007213027.0</marc:controlfield><marc:controlfield tag="008">031214s1600    ne            000 0 lat d</marc:controlfield><marc:datafield tag="040" ind1=" " ind2=" "><marc:subfield code="a">NLGGC</marc:subfield><marc:subfield code="b">dut</marc:subfield><marc:subfield code="e">fobidrtb</marc:subfield><marc:subfield code="c">NLGGC</marc:subfield></marc:datafield><marc:datafield tag="029" ind1="0" ind2=" "><marc:subfield code="a">NLGGC</marc:subfield><marc:subfield code="b">257985743</marc:subfield></marc:datafield><marc:datafield tag="035" ind1=" " ind2=" "><marc:subfield code="a">(OCoLC)66867015</marc:subfield></marc:datafield><marc:datafield tag="049" ind1=" " ind2=" "><marc:subfield code="a">QGJA</marc:subfield></marc:datafield><marc:datafield tag="100" ind1="1" ind2=" "><marc:subfield code="a">Mouthaen, Henricus.</marc:subfield></marc:datafield><marc:datafield tag="245" ind1="1" ind2="0"><marc:subfield code="a">Lessi Henrici Mouthaen Utricis, fusi super immaturo obitu synceri viri-adulescentis D. Guiliemi Berckii Dordracensis, pridie natalis Christi.</marc:subfield></marc:datafield><marc:datafield tag="246" ind1="3" ind2=" "><marc:subfield code="a">Lessi fusi super immaturo synceri obitu viri-adulescentis D. Guiliemi Berckii Dordracensis, pridie natalis Christi</marc:subfield></marc:datafield><marc:datafield tag="260" ind1=" " ind2=" "><marc:subfield code="a">Athenis Batavorum :</marc:subfield><marc:subfield code="b">typis Christophori Guyotii,</marc:subfield><marc:subfield code="c">[1600]</marc:subfield></marc:datafield><marc:datafield tag="300" ind1=" " ind2=" "><marc:subfield code="a">7 p. ;</marc:subfield><marc:subfield code="c">20 cm.</marc:subfield></marc:datafield><marc:datafield tag="336" ind1=" " ind2=" "><marc:subfield code="a">tekst</marc:subfield><marc:subfield code="b">txt</marc:subfield><marc:subfield code="2">rdacontent/dut</marc:subfield></marc:datafield><marc:datafield tag="337" ind1=" " ind2=" "><marc:subfield code="a">zonder medium</marc:subfield><marc:subfield code="b">n</marc:subfield><marc:subfield code="2">rdamedia/dut</marc:subfield></marc:datafield><marc:datafield tag="338" ind1=" " ind2=" "><marc:subfield code="a">band</marc:subfield><marc:subfield code="b">nc</marc:subfield><marc:subfield code="2">rdacarrier/dut</marc:subfield></marc:datafield><marc:datafield tag="510" ind1="0" ind2=" "><marc:subfield code="a">Typographia Batava 3528</marc:subfield></marc:datafield><marc:datafield tag="590" ind1=" " ind2=" "><marc:subfield code="b">20211007</marc:subfield></marc:datafield><marc:datafield tag="600" ind1="1" ind2="4"><marc:subfield code="a">Berckius, Guilielmus.</marc:subfield></marc:datafield><marc:datafield tag="986" ind1=" " ind2=" "><marc:subfield code="a">UBU Van Someren 2</marc:subfield></marc:datafield><marc:datafield tag="994" ind1=" " ind2=" "><marc:subfield code="a">92</marc:subfield><marc:subfield code="b">QGJ</marc:subfield></marc:datafield><marc:datafield tag="994" ind1=" " ind2=" "><marc:subfield code="c">NEW</marc:subfield><marc:subfield code="d">New collection customer.66264.370</marc:subfield></marc:datafield></marc:record>