
<marc:record><marc:leader>02708cam a2200469Ia 4500</marc:leader>
<marc:controlfield tag="001">ocm66969249 </marc:controlfield>
<marc:controlfield tag="003">OCoLC</marc:controlfield><marc:controlfield tag="005">20211007213027.0</marc:controlfield><marc:controlfield tag="008">860225s1585    gw            000 0 ger d</marc:controlfield><marc:datafield tag="040" ind1=" " ind2=" "><marc:subfield code="a">NLGGC</marc:subfield><marc:subfield code="b">eng</marc:subfield><marc:subfield code="e">dcrb</marc:subfield><marc:subfield code="c">NLGGC</marc:subfield><marc:subfield code="d">EMT</marc:subfield><marc:subfield code="d">OCLCG</marc:subfield><marc:subfield code="d">OCLCA</marc:subfield><marc:subfield code="d">OCLCF</marc:subfield><marc:subfield code="d">OCLCO</marc:subfield><marc:subfield code="d">OCLCQ</marc:subfield><marc:subfield code="d">OCL</marc:subfield><marc:subfield code="d">OCLCA</marc:subfield><marc:subfield code="d">VU@</marc:subfield><marc:subfield code="d">QGJ</marc:subfield></marc:datafield><marc:datafield tag="026" ind1=" " ind2=" "><marc:subfield code="e">158504 - b1 A2 s$erg : b2 E3 tuos.</marc:subfield><marc:subfield code="2">stcnf</marc:subfield><marc:subfield code="5">VU@</marc:subfield></marc:datafield><marc:datafield tag="029" ind1="0" ind2=" "><marc:subfield code="a">NLGGC</marc:subfield><marc:subfield code="b">196531632</marc:subfield></marc:datafield><marc:datafield tag="029" ind1="1" ind2=" "><marc:subfield code="a">GBVCP</marc:subfield><marc:subfield code="b">151246718</marc:subfield></marc:datafield><marc:datafield tag="035" ind1=" " ind2=" "><marc:subfield code="a">(OCoLC)66969249</marc:subfield></marc:datafield><marc:datafield tag="043" ind1=" " ind2=" "><marc:subfield code="a">e-gx---</marc:subfield></marc:datafield><marc:datafield tag="049" ind1=" " ind2=" "><marc:subfield code="a">QGJA</marc:subfield></marc:datafield><marc:datafield tag="245" ind1="0" ind2="0"><marc:subfield code="a">Zum glückseligen newen Jar, Warnung, vnd Vermanunge an D. Nicklaus Selneckern :</marc:subfield><marc:subfield code="b">das er mit seinen Consorten, die Anhaltischen Theologen zuschmehen, vnd in jnen die göttliche warheit wider sein eigen gewissen zu lestern, einmal auffhören wolle : Beyneben angehengter Bekentnis vn[d] meinunge D. Tilemanni Heshusij, von diesem streit, zum zeugnis der vnwidersprechlichen Warheit.</marc:subfield></marc:datafield><marc:datafield tag="260" ind1=" " ind2=" "><marc:subfield code="a">Gedruckt zu Zerbst :</marc:subfield><marc:subfield code="b">durch Bonauentur Schmidt,</marc:subfield><marc:subfield code="c">M.D. LXXXV.</marc:subfield></marc:datafield><marc:datafield tag="300" ind1=" " ind2=" "><marc:subfield code="a">38 [2] p. (last p. blank) ;</marc:subfield><marc:subfield code="c">20 cm. (4to)</marc:subfield></marc:datafield><marc:datafield tag="336" ind1=" " ind2=" "><marc:subfield code="a">text</marc:subfield><marc:subfield code="b">txt</marc:subfield><marc:subfield code="2">rdacontent</marc:subfield><marc:subfield code="0">http://id.loc.gov/vocabulary/contentTypes/txt</marc:subfield></marc:datafield><marc:datafield tag="337" ind1=" " ind2=" "><marc:subfield code="a">unmediated</marc:subfield><marc:subfield code="b">n</marc:subfield><marc:subfield code="2">rdamedia</marc:subfield><marc:subfield code="0">http://id.loc.gov/vocabulary/mediaTypes/n</marc:subfield></marc:datafield><marc:datafield tag="338" ind1=" " ind2=" "><marc:subfield code="a">volume</marc:subfield><marc:subfield code="b">nc</marc:subfield><marc:subfield code="2">rdacarrier</marc:subfield><marc:subfield code="0">http://id.loc.gov/vocabulary/carriers/nc</marc:subfield></marc:datafield><marc:datafield tag="340" ind1=" " ind2=" "><marc:subfield code="m">4to</marc:subfield><marc:subfield code="2">rdabf</marc:subfield></marc:datafield><marc:datafield tag="500" ind1=" " ind2=" "><marc:subfield code="a">Includes: Hesshusen, Tilemann: Bekenntnis und Meinungen von diesem Streit. (VD16 H 2998)</marc:subfield></marc:datafield><marc:datafield tag="500" ind1=" " ind2=" "><marc:subfield code="a">Signatures: A-E⁴ (E4 verso blank).</marc:subfield></marc:datafield><marc:datafield tag="500" ind1=" " ind2=" "><marc:subfield code="a">Printer's device on t.p.</marc:subfield></marc:datafield><marc:datafield tag="500" ind1=" " ind2=" "><marc:subfield code="a">Errata.</marc:subfield></marc:datafield><marc:datafield tag="510" ind1="4" ind2=" "><marc:subfield code="a">Verzeichnis der im deutschen Sprachbereich erschienenen Drucke des 16. Jahrhunderts (VD 16)</marc:subfield><marc:subfield code="c">Z 638</marc:subfield></marc:datafield><marc:datafield tag="590" ind1=" " ind2=" "><marc:subfield code="b">20211007</marc:subfield></marc:datafield><marc:datafield tag="600" ind1="1" ind2="0"><marc:subfield code="a">Selneccer, Nicolaus,</marc:subfield><marc:subfield code="d">1530-1592.</marc:subfield><marc:subfield code="0">http://id.loc.gov/authorities/names/n89602807</marc:subfield><marc:subfield code="1">http://viaf.org/viaf/7415057</marc:subfield></marc:datafield><marc:datafield tag="600" ind1="1" ind2="7"><marc:subfield code="a">Selneccer, Nicolaus,</marc:subfield><marc:subfield code="d">1530-1592.</marc:subfield><marc:subfield code="2">fast</marc:subfield><marc:subfield code="0">http://id.worldcat.org/fast/00243661</marc:subfield><marc:subfield code="1">http://viaf.org/viaf/7415057</marc:subfield></marc:datafield><marc:datafield tag="651" ind1=" " ind2="0"><marc:subfield code="a">Anhalt (Germany)</marc:subfield><marc:subfield code="x">Church history</marc:subfield><marc:subfield code="y">16th century</marc:subfield><marc:subfield code="v">Sources.</marc:subfield></marc:datafield><marc:datafield tag="651" ind1=" " ind2="7"><marc:subfield code="a">Germany</marc:subfield><marc:subfield code="z">Anhalt.</marc:subfield><marc:subfield code="2">fast</marc:subfield><marc:subfield code="0">http://id.worldcat.org/fast/01223038</marc:subfield><marc:subfield code="0">http://id.loc.gov/authorities/names/n82166974-781</marc:subfield></marc:datafield><marc:datafield tag="648" ind1=" " ind2="7"><marc:subfield code="a">1500-1599</marc:subfield><marc:subfield code="2">fast</marc:subfield></marc:datafield><marc:datafield tag="655" ind1=" " ind2="7"><marc:subfield code="a">Church history.</marc:subfield><marc:subfield code="2">fast</marc:subfield><marc:subfield code="0">http://id.worldcat.org/fast/01411629</marc:subfield></marc:datafield><marc:datafield tag="655" ind1=" " ind2="7"><marc:subfield code="a">Sources.</marc:subfield><marc:subfield code="2">fast</marc:subfield><marc:subfield code="0">http://id.worldcat.org/fast/01423900</marc:subfield></marc:datafield><marc:datafield tag="700" ind1="1" ind2=" "><marc:subfield code="a">Heshusius, Tilemann,</marc:subfield><marc:subfield code="d">1527-1588,</marc:subfield><marc:subfield code="e">contributor.</marc:subfield><marc:subfield code="4">ctb</marc:subfield><marc:subfield code="0">http://id.loc.gov/authorities/names/nr95029757</marc:subfield><marc:subfield code="1">http://viaf.org/viaf/61556286</marc:subfield></marc:datafield><marc:datafield tag="700" ind1="1" ind2=" "><marc:subfield code="a">Schmidt, Bonaventura,</marc:subfield><marc:subfield code="d">-approximately 1598,</marc:subfield><marc:subfield code="e">printer.</marc:subfield><marc:subfield code="0">http://id.loc.gov/authorities/names/nr97029937</marc:subfield><marc:subfield code="1">http://viaf.org/viaf/49135197</marc:subfield></marc:datafield><marc:datafield tag="752" ind1=" " ind2=" "><marc:subfield code="a">Germany</marc:subfield><marc:subfield code="d">Zerbst.</marc:subfield><marc:subfield code="4">pup</marc:subfield></marc:datafield><marc:datafield tag="986" ind1=" " ind2=" "><marc:subfield code="a">UBU Van Someren 2</marc:subfield></marc:datafield><marc:datafield tag="994" ind1=" " ind2=" "><marc:subfield code="a">92</marc:subfield><marc:subfield code="b">QGJ</marc:subfield></marc:datafield><marc:datafield tag="994" ind1=" " ind2=" "><marc:subfield code="c">NEW</marc:subfield><marc:subfield code="d">New collection customer.66264.370</marc:subfield></marc:datafield></marc:record>
</marc:collection>
